% ---------- Papers ------


%%%%%%% ----  ANS  ---- 



@proceedings{ans_2017,
	author = {ANS},
	title = {Transactions of the American Nuclear Society},
	booktitle = {Transactions of the American Nuclear Society},
	month = june,
	year = 2017,
	venue = {San Fransisco, California},
}


@inproceedings{ ans_2017_paper,
	title = {Recovering Topology of Nested Volumes Represented by Single Closed	Surfaces},
	author = {Chelsea A. D'Angelo and Andrew Davis and Paul P. H. Wilson},
	crossref = {ans_2017},
}

@proceedings{ans_2013_main,
	author = {ANS},
	title = {Transactions of the American Nuclear Society},
	booktitle = {Transactions of the American Nuclear Society},
	month = nov,
	year = 2013,
	venue = {Washington, D.C.},
}

@inproceedings{ ans_2013_paper,
	title = {Comparison Between Unstructured Mesh Capabilities of DAGMCNP and MCNP6},
	author = {Chelsea A. D'Angelo and Paul P. H. Wilson and Andrew Davis},
	crossref = {ans_2013},
}
%%%%%%% ---- 2012 Abaqus Paper
@inproceedings{mcnp6um_paper,
	title = {Modeling Radiation Transport Using MCNP6 and Abaqus/CAE
			(LA-UR-12-01321)},
	author = {Chelsea D'Angelo and Steven S. McCready and Karen Kelley},
	crossref = {mcnp6um},
}

@proceedings{mcnp6_um,
	author = {Dassault Systemes, Simulia},
	title = {2012 3DS Simulia Community Conferece Proceedings},
	booktitle = {2012 3DS Simulia Community Conferece, Conference Proceedings},
	month = may,
	year = 2012,
	venue = {Providence, Rhode Island},
}


